<?xml version="1.0" encoding="UTF-8"?><collection xmlns="http://www.loc.gov/MARC21/slim"><record><leader>00408nam--2200145-i-4500</leader><controlfield tag="001">000023452</controlfield><controlfield tag="002">20161230</controlfield><controlfield tag="005">20161230201035</controlfield><controlfield tag="008">060222s1000------------r-----000-0-eng-d</controlfield><datafield ind1=" " ind2=" " tag="080"><subfield code="a">621.38:621.385.6</subfield></datafield><datafield ind1=" " ind2=" " tag="100"><subfield code="a">Gibbons, G</subfield></datafield><datafield ind1=" " ind2=" " tag="245"><subfield code="a">Avalanche-diode microwave oscillators</subfield></datafield><datafield ind1=" " ind2=" " tag="260"><subfield code="a">Oxford, Clarendon Press, 1973. Xi+138p</subfield></datafield><datafield ind1=" " ind2=" " tag="490"><subfield code="a">Monographs In Electrical And Electronic Engineering</subfield></datafield><datafield ind1=" " ind2=" " tag="852"><subfield code="a">42366</subfield></datafield></record></collection>